<record><leader>00000cas a2200000 a 4500</leader><controlfield tag="001">12574496</controlfield><controlfield tag="008">850919d18921935ksudr ne      0    0eng d</controlfield><datafield ind1=" " ind2=" " tag="010"><subfield code="a">sn 85029846 </subfield></datafield><datafield ind1=" " ind2=" " tag="040"><subfield code="a">KSH</subfield><subfield code="b">eng</subfield><subfield code="c">KSH</subfield><subfield code="d">NPT</subfield><subfield code="d">OCL</subfield><subfield code="d">OCLCQ</subfield><subfield code="d">DLC</subfield><subfield code="d">OCLCF</subfield></datafield><datafield ind1="1" ind2=" " tag="029"><subfield code="a">AU@</subfield><subfield code="b">000022172687</subfield></datafield><datafield ind1=" " ind2=" " tag="042"><subfield code="a">msc</subfield></datafield><datafield ind1=" " ind2=" " tag="043"><subfield code="a">n-us-ks</subfield></datafield><datafield ind1="0" ind2=" " tag="130"><subfield code="a">Liberal news (Liberal, Kan.)</subfield></datafield><datafield ind1="1" ind2="4" tag="245"><subfield code="a">The Liberal news.</subfield></datafield><datafield ind1=" " ind2=" " tag="260"><subfield code="a">Liberal, Kan. :</subfield><subfield code="b">A.K. Stouffer,</subfield><subfield code="c">1892-1935.</subfield></datafield><datafield ind1=" " ind2=" " tag="300"><subfield code="a">43 v. :</subfield><subfield code="b">ill. ;</subfield><subfield code="c">58 cm.</subfield></datafield><datafield ind1=" " ind2=" " tag="310"><subfield code="a">Daily,</subfield><subfield code="b">June 1, 1929-Oct. 29, 1935</subfield></datafield><datafield ind1=" " ind2=" " tag="321"><subfield code="a">Weekly,</subfield><subfield code="b">Dec. 22, 1892-May 11, 1911</subfield></datafield><datafield ind1=" " ind2=" " tag="321"><subfield code="a">Semiweekly,</subfield><subfield code="b">May 15, 1911-Mar. 20, 1916</subfield></datafield><datafield ind1=" " ind2=" " tag="321"><subfield code="a">Weekly,</subfield><subfield code="b">Mar. 23, 1916-May 30, 1929</subfield></datafield><datafield ind1="0" ind2=" " tag="362"><subfield code="a">Vol. 7, no. 37 (Dec. 22, 1892)-v. 50, no. 164 (Oct. 29, 1935).</subfield></datafield><datafield ind1=" " ind2=" " tag="500"><subfield code="a">Published by: Ray Millman, Jan. 4, 1900-Jan. 31, 1916; Warren Zimmerman, Feb. 7, 1916-Oct. 29, 1935.</subfield></datafield><datafield ind1=" " ind2=" " tag="500"><subfield code="a">"Republican." Cf. Ayer, 1895.</subfield></datafield><datafield ind1=" " ind2=" " tag="525"><subfield code="a">Includes supplements.</subfield></datafield><datafield ind1=" " ind2="0" tag="651"><subfield code="a">Liberal (Kan.)</subfield><subfield code="v">Newspapers.</subfield></datafield><datafield ind1=" " ind2="7" tag="655"><subfield code="a">Newspapers.</subfield><subfield code="2">fast</subfield><subfield code="0">(OCoLC)fst01423814</subfield></datafield><datafield ind1=" " ind2="7" tag="651"><subfield code="a">Kansas</subfield><subfield code="z">Liberal.</subfield><subfield code="2">fast</subfield><subfield code="0">(OCoLC)fst01212334</subfield></datafield><datafield ind1=" " ind2=" " tag="752"><subfield code="a">United States</subfield><subfield code="b">Kansas</subfield><subfield code="c">Seward</subfield><subfield code="d">Liberal.</subfield></datafield><datafield ind1="0" ind2="0" tag="780"><subfield code="t">Arkalon news</subfield><subfield code="w">(DLC)sn 85029822</subfield></datafield><datafield ind1="0" ind2="5" tag="780"><subfield code="t">Liberal lyre</subfield><subfield code="g">Mar. 2, 1893</subfield><subfield code="w">(DLC)sn 85029851</subfield></datafield><datafield ind1="0" ind2="5" tag="780"><subfield code="t">Kismet klipper (Kismet, Kan. : 1917)</subfield><subfield code="g">Aug. 7, 1924</subfield><subfield code="w">(DLC)sn 85029841</subfield></datafield><datafield ind1="0" ind2="5" tag="780"><subfield code="t">Liberal democrat (Liberal, Kan.)</subfield><subfield code="g">Aug. 7, 1924</subfield><subfield code="x">2329-2628</subfield><subfield code="w">(DLC)sn 85029856</subfield><subfield code="w">(OCoLC)12574457</subfield></datafield><datafield ind1="0" ind2="0" tag="785"><subfield code="t">Southwest daily times</subfield><subfield code="w">(OCoLC)9316974</subfield></datafield></record>